@article{Weinberg1989,
  title = {The cosmological constant problem},
  volume = {61},
  ISSN = {0034-6861},
  url = {http://dx.doi.org/10.1103/RevModPhys.61.1},
  DOI = {10.1103/revmodphys.61.1},
  number = {1},
  journal = {Reviews of Modern Physics},
  publisher = {American Physical Society (APS)},
  author = {Weinberg,  Steven},
  year = {1989},
  month = jan,
  pages = {1–23}
}

@article{Sahni2008,
  title = {Republication of: The cosmological constant and the theory of elementary particles (By Ya. B. Zeldovich)},
  volume = {40},
  ISSN = {1572-9532},
  url = {http://dx.doi.org/10.1007/s10714-008-0624-6},
  DOI = {10.1007/s10714-008-0624-6},
  number = {7},
  journal = {General Relativity and Gravitation},
  publisher = {Springer Science and Business Media LLC},
  author = {Sahni,  Varun and Krasiński,  Andrzej},
  year = {2008},
  month = mar,
  pages = {1557–1591}
}

@article{Jorgensen2006,
  title = {The road to reality: a complete guide to the laws of the universe},
  volume = {28},
  ISSN = {0343-6993},
  url = {http://dx.doi.org/10.1007/BF02986885},
  DOI = {10.1007/bf02986885},
  number = {3},
  journal = {The Mathematical Intelligencer},
  publisher = {Springer Science and Business Media LLC},
  author = {Jorgensen,  Palle E. T.},
  year = {2006},
  month = jun,
  pages = {59–61}
}

@article{Hogan_2008,
   title={Measurement of quantum fluctuations in geometry},
   volume={77},
   ISSN={1550-2368},
   url={http://dx.doi.org/10.1103/PhysRevD.77.104031},
   DOI={10.1103/physrevd.77.104031},
   number={10},
   journal={Physical Review D},
   publisher={American Physical Society (APS)},
   author={Hogan, Craig J.},
   year={2008},
   month=may }


@article{Susskind_1995,
   title={The world as a hologram},
   volume={36},
   ISSN={1089-7658},
   url={http://dx.doi.org/10.1063/1.531249},
   DOI={10.1063/1.531249},
   number={11},
   journal={Journal of Mathematical Physics},
   publisher={AIP Publishing},
   author={Susskind, Leonard},
   year={1995},
   month=nov, pages={6377–6396} }


@article{Bousso2002,
  title = {The holographic principle},
  volume = {74},
  ISSN = {1539-0756},
  url = {http://dx.doi.org/10.1103/RevModPhys.74.825},
  DOI = {10.1103/revmodphys.74.825},
  number = {3},
  journal = {Reviews of Modern Physics},
  publisher = {American Physical Society (APS)},
  author = {Bousso,  Raphael},
  year = {2002},
  month = aug,
  pages = {825–874}
}

@misc{hooft2009,
      title={Dimensional Reduction in Quantum Gravity}, 
      author={G. 't Hooft},
      year={2009},
      eprint={gr-qc/9310026},
      archivePrefix={arXiv},
      primaryClass={gr-qc},
      url={https://arxiv.org/abs/gr-qc/9310026}, 
}

@article{Bekenstein1975,
  title = {Statistical black-hole thermodynamics},
  volume = {12},
  ISSN = {0556-2821},
  url = {http://dx.doi.org/10.1103/PhysRevD.12.3077},
  DOI = {10.1103/physrevd.12.3077},
  number = {10},
  journal = {Physical Review D},
  publisher = {American Physical Society (APS)},
  author = {Bekenstein,  Jacob D.},
  year = {1975},
  month = nov,
  pages = {3077–3085}
}

@article{Hawking1976,
  title = {Black holes and thermodynamics},
  volume = {13},
  ISSN = {0556-2821},
  url = {http://dx.doi.org/10.1103/PhysRevD.13.191},
  DOI = {10.1103/physrevd.13.191},
  number = {2},
  journal = {Physical Review D},
  publisher = {American Physical Society (APS)},
  author = {Hawking,  S. W.},
  year = {1976},
  month = jan,
  pages = {191–197}
}

@BOOK{Carroll2010,
  title     = "From eternity to here",
  author    = "Carroll, Sean",
  publisher = "Dutton Books",
  month     =  jan,
  year      =  2010
}

@book{Kolb2018,
  title = {The Early Universe},
  ISBN = {9780429492860},
  url = {http://dx.doi.org/10.1201/9780429492860},
  DOI = {10.1201/9780429492860},
  publisher = {CRC Press},
  author = {Kolb,  Edward},
  year = {2018},
  month = mar 
}

@article{Riess1998,
  title = {Observational Evidence from Supernovae for an Accelerating Universe and a Cosmological Constant},
  volume = {116},
  ISSN = {0004-6256},
  url = {http://dx.doi.org/10.1086/300499},
  DOI = {10.1086/300499},
  number = {3},
  journal = {The Astronomical Journal},
  publisher = {American Astronomical Society},
  author = {Riess,  Adam G. and Filippenko,  Alexei V. and Challis,  Peter and Clocchiatti,  Alejandro and Diercks,  Alan and Garnavich,  Peter M. and Gilliland,  Ron L. and Hogan,  Craig J. and Jha,  Saurabh and Kirshner,  Robert P. and Leibundgut,  B. and Phillips,  M. M. and Reiss,  David and Schmidt,  Brian P. and Schommer,  Robert A. and Smith,  R. Chris and Spyromilio,  J. and Stubbs,  Christopher and Suntzeff,  Nicholas B. and Tonry,  John},
  year = {1998},
  month = sep,
  pages = {1009–1038}
}

@book{Liddle2000,
  title = {Cosmological Inflation and Large-Scale Structure},
  ISBN = {9781139175180},
  url = {http://dx.doi.org/10.1017/CBO9781139175180},
  DOI = {10.1017/cbo9781139175180},
  publisher = {Cambridge University Press},
  author = {Liddle,  Andrew R. and Lyth,  David H.},
  year = {2000},
  month = apr 
}
